<?xml version="1.0" encoding="UTF-8"?><collection xmlns="http://www.loc.gov/MARC21/slim"><record><leader>00530nam--2200193-u-4500</leader><controlfield tag="001">000050638</controlfield><controlfield tag="002">20161230</controlfield><controlfield tag="005">20161230201048</controlfield><controlfield tag="008">080226s1000------------r-----000-0-eng-d</controlfield><datafield ind1=" " ind2=" " tag="020"><subfield code="a">0-521-34786-6</subfield></datafield><datafield ind1=" " ind2=" " tag="040"><subfield code="a">IFIN-HH</subfield></datafield><datafield ind1="1" ind2=" " tag="100"><subfield code="a">Penrose,R. and Rindler,W</subfield></datafield><datafield ind1="1" ind2="0" tag="245"><subfield code="a">Spinors and Space-Time</subfield></datafield><datafield ind1=" " ind2=" " tag="260"><subfield code="a">Cambridge</subfield><subfield code="b">Cambridge University Press</subfield><subfield code="c">1986</subfield></datafield><datafield ind1=" " ind2=" " tag="300"><subfield code="a">501 p</subfield></datafield><datafield ind1=" " ind2=" " tag="490"><subfield code="v">Vol.2.Spinor and Twistor Methods in Space-Time Geometry</subfield></datafield><datafield ind1=" " ind2="4" tag="650"><subfield code="a">Twistors</subfield></datafield><datafield ind1=" " ind2=" " tag="852"><subfield code="a">81941</subfield><subfield code="c">513.73</subfield></datafield><datafield ind1=" " ind2=" " tag="CAT"><subfield code="a">Sys</subfield><subfield code="c">20080924</subfield><subfield code="h">091142</subfield></datafield></record></collection>